<record><leader>00000cas a22000007a 4500</leader><controlfield tag="001">19194902</controlfield><controlfield tag="008">890213d19701972aruwr ne      0    0eng d</controlfield><datafield ind1=" " ind2=" " tag="010"><subfield code="a">sn 89051068 </subfield></datafield><datafield ind1=" " ind2=" " tag="040"><subfield code="a">ANU</subfield><subfield code="b">eng</subfield><subfield code="c">ANU</subfield><subfield code="d">OCLCQ</subfield></datafield><datafield ind1=" " ind2=" " tag="042"><subfield code="a">msc</subfield></datafield><datafield ind1="0" ind2="0" tag="245"><subfield code="a">Cave Springs scene.</subfield></datafield><datafield ind1=" " ind2=" " tag="260"><subfield code="a">Cave Springs, Benton County, Ark. :</subfield><subfield code="b">Earle and Billie Jines</subfield></datafield><datafield ind1=" " ind2=" " tag="300"><subfield code="a">v.</subfield></datafield><datafield ind1=" " ind2=" " tag="310"><subfield code="a">Weekly</subfield></datafield><datafield ind1="0" ind2=" " tag="362"><subfield code="a">Vol. 1, no. 1 (Nov. 19, 1970)-v. 3, no. 3 (Nov. 30, 1972).</subfield></datafield><datafield ind1=" " ind2=" " tag="515"><subfield code="a">Vol. 2, no. 7 misnumbered v. 1, no. 7.</subfield></datafield><datafield ind1=" " ind2=" " tag="752"><subfield code="a">United States</subfield><subfield code="b">Arkansas</subfield><subfield code="c">Benton</subfield><subfield code="d">Cave Springs.</subfield></datafield><datafield ind1="0" ind2="7" tag="785"><subfield code="t">Pea Ridge graphic</subfield><subfield code="w">(DLC)sn 89051069</subfield></datafield><datafield ind1="0" ind2="7" tag="785"><subfield code="t">Pea Ridge graphic-scene</subfield><subfield code="w">(DLC)sn 89051067</subfield></datafield></record>